<?xml version="1.0" encoding="UTF-8"?><collection xmlns="http://www.loc.gov/MARC21/slim"><record><leader>00445nam--2200133-i-4500</leader><controlfield tag="001">000045522</controlfield><controlfield tag="002">20161230</controlfield><controlfield tag="005">20161230201045</controlfield><controlfield tag="008">060222s1000------------r-----000-0-eng-d</controlfield><datafield ind1=" " ind2=" " tag="080"><subfield code="a">550.8(043)</subfield></datafield><datafield ind1=" " ind2=" " tag="100"><subfield code="a">Trifu,Cezar-ioan</subfield></datafield><datafield ind1=" " ind2=" " tag="245"><subfield code="a">Un model al sursei seimice bazat pe distributia de asperitati si strapungerea tensiunii tectonice, cu aplicatie in calculul seismogramelor teoretice. teza</subfield></datafield><datafield ind1=" " ind2=" " tag="260"><subfield code="a">Bucuresti, Ifa, 1991.194 P</subfield></datafield><datafield ind1=" " ind2=" " tag="852"><subfield code="a">79507</subfield></datafield></record></collection>